
@misc{UserCount,
    title   = {Global social networks ranked by number of users},
    author  = {Statista - The Statistics Portal},
    url     = {https://www.statista.com/statistics/272014/global-social-networks-ranked-by-number-of-users/},
    urldate = {2018-04-13}
}

@misc{FacebookOauth,
    title = {Login Security - Facebook Login},
    author = {Facebook Inc.},
    url = {https://developers.facebook.com/docs/facebook-login/security},
    urldate = {2018-04-13}
}

@misc{TwitterOauth,
    title = {Oauth with the Twitter API - Twitter Developers},
    author = {Twitter Inc.},
    url = {https://developer.twitter.com/en/docs/basics/authentication/overview/oauth},
    urldate = {2018-04-13}
}

@misc{Oauth2,
    title   = {An Introduction to OAuth2},
    author  = {Mitchell Anicas},
    url     = {https://www.digitalocean.com/community/tutorials/an-introduction-to-oauth-2},
    urldate = {2018-04-13}
}

@misc{CambridgeAnalyticaScandal,
    title   = {Facebook - Cambridge Analytica data scandal},
    author  = {BBC},
    url     = {http://www.bbc.com/news/topics/c81zyn0888lt/facebook-cambridge-analytica-data-scandal},
    urldate = {2018-04-13}
}

@misc{DigiCert,
    title   = {What is SSL (Secure Socket Layer)?},
    author  = {DigiCert.com},
    url     = {https://www.digicert.com/ssl/},
    urldate = {2018-04-23}
}

@misc{RootSsl,
    title   = {Seri√°l Jak na OpenSSL},
    author  = {Root.cz},
    url     = {https://www.digicert.com/ssl/},
    urldate = {2018-04-23}
}

@misc{LuxSci,
    title   = {SSL vs. TLS: What is the difference?},
    author  = {LuxSci.com},
    url     = {https://luxsci.com/blog/ssl-versus-tls-whats-the-difference.html},
    urldate = {2018-04-23}
}

@misc{WikiSSL,
    title   = {SSL Handshake with two way authentication with certificates},
    author  = {Wikimedia Foundation},
    url     = {https://commons.wikimedia.org/wiki/File:Ssl_handshake_with_two_way_authentication_with_certificates.png},
    urldate = {2018-04-23}
}

@misc{sslbeast,
    title   = {Recently Published Vulnerability Notes},
    author  = {Carnerigie Mellon University},
    url     = {https://www.kb.cert.org/vuls/id/120541},
    urldate = {2018-04-23}
}

@misc{sslrenegotiation,
    title   = {SSL profiles, Part 6: SSL Renegotiation},
    author  = {DevCentral},
    url     = {https://devcentral.f5.com/articles/ssl-profiles-part-6-ssl-renegotiation},
    urldate = {2018-04-23}
}




